@TechReport{ISO25010,
 author = {ISO},
 title = {ISO/IEC 25010:2011 Systems and software engineering -- Systems and software Quality Requirements and Evaluation (SQuaRE) -- System and software quality models},
 institution = {ISO},
 year = {2011},
 OPTurl = {http://www.iso.org/iso/iso_catalogue/catalogue_tc/catalogue_detail.htm?csnumber=35733},
 OPTlastchecked = {20/03/2013},
}

@TechReport{CUBESAT_CDS,
 author = {Cal Poly SLO},
 title = {CubeSat Design Specification},
 institution = {California Polytechnic State University},
 year = {2009},
 OPTurl = {http://cubesat.org/images/developers/cds_rev12.pdf},
 OPTlastchecked = {09/05/13},
 OPTnumber = {12},
}

@Manual{CUBESAT_MB,
 title = {CubeSat Kit Motherboard (MB)},
 OPTorganization = {Pumpkins Inc},
 OPTyear = {2009},
 OPTedition = {Rev. D},
 OPTurl = {http://www.cubesatkit.com/docs/datasheet/DS_CSK_MB_710-00484-D.pdf},
 OPTlastchecked = {03/04/13},
}

@Manual{CUBESAT_PPM,
 title = {CubeSat Kit Pluggable Processor Module (PPM) D1},
 OPTorganization = {Pumpkins Inc},
 OPTyear = {2010},
 OPTedition = {Rev. A},
 OPTurl = {http://www.cubesatkit.com/docs/datasheet/DS_CSK_PPM_D1_710-00527-A.pdf},
 OPTlastchecked = {03/04/13},
}

@Manual{CUBESAT_DB,
 title = {CubeSat Kit Development Board (DB) D}
 OPTorganization = {Pumpkins Inc},
 OPTyear = {2010},
 OPTedition = {Rev. D},
 OPTurl = {http://www.cubesatkit.com/docs/datasheet/DS_CSK_DB_710-00297-D.pdf},
 OPTlastchecked = {31/05/13},
}

@Manual{PIC24FJ256GA110,
 title = {PIC24FJ256GA110 Family Data Sheet},
 OPTorganization = { Microchip Technology Inc.},
 OPTedition = {},
 OPTyear = {2009},
 OPTurl = {http://ww1.microchip.com/downloads/en/DeviceDoc/39905e.pdf},
 OPTlastchecked = {03/04/13},
}

@Manual{PIC24F,
 title = {PIC24F Family Reference Manua},
 OPTorganization = {Microchip Technology Inc.},
 OPTedition = {},
 OPTyear = {2006},
 OPTurl = {},
 OPTlastchecked = {},
}

@Manual{MPLAB,
 title = {MPLABX IDE User's Guide},
 OPTorganization = {Microchip Technology Inc.},
 OPTedition = {},
 OPTyear = {2011},
 OPTurl = {},
 OPTlastchecked = {},
}

@Manual{PIC24_PROG,
 title = {16 bit MCU and DSC Programmer's Reference Manual},
 OPTorganization = {Microchip Technology Inc.},
 OPTedition = {},
 OPTyear = {2011},
 OPTurl = {},
 OPTlastchecked = {},
}

@MastersThesis{ION_TESIS,
 author = {Michael J. Dabrowski},
 title = {The Design a Software System for Small Space Satellite},
 school = {University of Illinois at Urbana-Champaign},
 year = {2005},
}

@MastersThesis{POLYSAT_TESIS,
 author = {Greg Manyak},
 title = {Fault Tolerant and Flexible CubeSat Software Architecture},
 school = {California Polytechnic State University},
 year = {2011},
}

@MastersThesis{TOOPAZO,
 author = {Tomas Opazo},
 title = {Proceso de dise\~no, arquitectura y testeo del nano-satelite SUCHAI},
 school = {Universidad de Chile},
 year = {2013},
}



@Book{DESIGN_PATTERNS,
 title = {Design Patterns. Elements of Reusable Object-Oriented Software},
 publisher = {Addison-Wesley},
 year = {1995},
 ALTauthor = {Erich Gamma, Richard Helm, Ralph Johnson, John Vlissides},
 OPTedition = {1st Ed.},
}

@Book{SYSTEM_PATTERNS,
 title = {A System of Patterns. Pattern-Oriented Software Architecture},
 publisher = {Wiley},
 year = {1996},
 ALTauthor = {Frank Buschmann, Regine Meunier, Hans Rohnert, Peter Sommerlad, Michael Stal},
 OPTedition = {1st Ed.},
}

@Book{SOFTWARE_ING,
 title = {Software Engineering},
 publisher = {Addison-Wesley},
 year = {2011},
 ALTauthor = {Ian Sommerville},
 OPTedition = {9th Ed.},
}

@Book{EMBEDDED_ARCHITECTURE,
 title = {Embedded System Architecture},
 publisher = {Elseiver},
 year = {2005},
 ALTauthor = {Tammy Noergaard},
 OPTedition = {9th Ed.},
}

% %http://www.amazon.com/Embedded-Systems-Architecture-Comprehensive-Programmers/dp/0750677929

@Book{EMBEDDED_DESIGN,
 title = {Embedded System Design},
 publisher = {England, Newnes},
 year = {2003},
 ALTauthor = {S. Heat},
 OPTedition = {2nd Ed.},
}

@Book{FREERTOS_PIC24,
 title = {Using the FreeRTOS Real Time Kernel. A Practical Guide, PIC32 Edition.},
 publisher = {USA: Real Time Engineers},
 year = {2009},
 ALTauthor = {S. Barry},
 OPTedition = {1st Ed.},
}

@Book{FREERTOS_API,
 title = {The FreeRTOS Reference Manual},
 publisher = {USA: Real Time Engineers},
 year = {2011},
 ALTauthor = {S. Barry},
 OPTedition = {1st Ed.},
}

@InProceedings{BECERRA_DIAZ,
 author = {A. Becerra; M. Diaz; J. Zagal},
 title = {Feasibility study of using a Small Satellite constellation to forecast, monitor and mitigate natural and man-made disasters in Chile and similar developing countries.},
 booktitle = {26th Annual AIAA/USU Conference on Small Satellites, USA},
 OPTyear = {2012},
}

